@article{knuth84,
  author = {Knuth, Donald E.},
  title = {Literate Programming},
  year = {1984},
  issue_date = {May 1984},
  publisher = {Oxford University Press, Inc.},
  address = {USA},
  volume = {27},
  number = {2},
  issn = {0010-4620},
  url = {https://doi.org/10.1093/comjnl/27.2.97},
  doi = {10.1093/comjnl/27.2.97},
  journal = {Comput. J.},
  month = may,
  pages = {97–111},
  numpages = {15}
}

@article{Knupp1999,
      author = "Knupp, PM",
       title = "Winslow smoothing on two-dimensional unstructured meshes",
        year = "1999",
     journal = "Eng {C}omput",
      volume = "15",
       pages = "263--268"
}

@techreport{kamm2000,
      author = "Kamm, J",
       title = "Evaluation of the {S}edov-von {N}eumann-{T}aylor blast wave solution",
 institution = "Los {A}lamos {N}ational {L}aboratory",
        year = "2000",
      number = "Technical {R}eport LA-UR-00-6055"
}

@article{Taylor1937,
      author = "Taylor, GI and Green, AE",
       title = "Mechanism of the production of small eddies from large ones",
        year = "1937",
     journal = "P {R}oy {S}oc {L}ond {A} {M}at",
      volume = "158",
      number = "895",
       pages = "499--521"
}

@article{Wonka2017,
      author = "Wonka, W.",
       title = "Effects of Sugar on Mood in a Factory Setting",
        year = "2017",
     journal = "P {R}oy {S}oc {L}ond {A} {M}at",
      volume = "158",
      number = "895",
       pages = "499--521"
}

@article{DeMuth2009,
      author = "De Muth, James E.",
       title = "Overview of biostatistics used in clinical research",
        year = "2009",
     journal = "American Journal of Health-System Pharmacy",
      volume = "66",
       pages = "70-81"
}

@book{Cohen1988,
	author = "Jacob Cohen",
	title = "Statistical Power Analysis for the Behavioral Sciences",
  year = "1988",
	publisher = "Lawrence Erlbaum Associates",
	address = "Mahwah, New Jersey",
	edition = "2nd"
}


@book{CampbellStanley1963,
	author = "Donald T. Campbell and Julian C. Stanley",
	title = "Experimental and Quasi-Experimental Designs for Research",
  year = "1963",
	publisher = "Houghton Mifflin Company"
}

@book{SingerWillett2003,
	author = "Judith D. Singer and John B. Willett",
	title = "Applied Longitudinal Data Analysis: Modeling Change and Event Occurrence",
	year = "2003",
	publisher = "Oxford University Press",
	address = "New York, New York"
}

@Manual{R-base,
  title = {R: A Language and Environment for Statistical Computing},
  author = {{R Core Team}},
  organization = {R Foundation for Statistical Computing},
  address = {Vienna, Austria},
  year = {2022},
  url = {https://www.R-project.org/},
}

@Manual{R-knitr,
  title = {knitr: A General-Purpose Package for Dynamic Report Generation in R},
  author = {Yihui Xie},
  year = {2022},
  note = {R package version 1.39},
  url = {https://yihui.org/knitr/},
}

@Manual{R-quarto,
  title = {R Interface to 'Quarto' Markdown Publishing System},
  author = {JJ Allaire},
  year = {2022},
  url = {https://cran.r-project.org/web/packages/quarto/quarto.pdf},
}

@Manual{R-pwr,
  title = {pwr: Basic Functions for Power Analysis},
  author = {Stephane Champely},
  year = {2020},
  note = {R package version 1.3-0},
  url = {https://github.com/heliosdrm/pwr},
}

@Manual{R-VIM,
  title = {VIM: Visualization and Imputation of Missing Values},
  author = {Matthias Templ and Alexander Kowarik and Andreas Alfons and Gregor {de Cillia} and Wolfgang Rannetbauer},
  year = {2021},
  note = {R package version 6.1.1},
  url = {https://github.com/statistikat/VIM},
}

@Book{knitr2015,
  title = {Dynamic Documents with {R} and knitr},
  author = {Yihui Xie},
  publisher = {Chapman and Hall/CRC},
  address = {Boca Raton, Florida},
  year = {2015},
  edition = {2nd},
  note = {ISBN 978-1498716963},
  url = {https://yihui.org/knitr/},
}

@InCollection{knitr2014,
  booktitle = {Implementing Reproducible Computational Research},
  editor = {Victoria Stodden and Friedrich Leisch and Roger D. Peng},
  title = {knitr: A Comprehensive Tool for Reproducible Research in {R}},
  author = {Yihui Xie},
  publisher = {Chapman and Hall/CRC},
  year = {2014},
  note = {ISBN 978-1466561595},
  url = {http://www.crcpress.com/product/isbn/9781466561595},
}

@Article{VIM2016,
  title = {Imputation with the {R} Package {VIM}},
  author = {Alexander Kowarik and Matthias Templ},
  journal = {Journal of Statistical Software},
  year = {2016},
  volume = {74},
  number = {7},
  pages = {1--16},
  doi = {10.18637/jss.v074.i07},
}

@article{Knupp1999,
      author = "Knupp, PM",
       title = "Winslow smoothing on two-dimensional unstructured meshes",
        year = "1999",
     journal = "Eng {C}omput",
      volume = "15",
       pages = "263--268"
}

@techreport{kamm2000,
      author = "Kamm, J",
       title = "Evaluation of the {S}edov-von {N}eumann-{T}aylor blast wave solution",
 institution = "Los {A}lamos {N}ational {L}aboratory",
        year = "2000",
      number = "Technical {R}eport LA-UR-00-6055"
}

@article{Taylor1937,
      author = "Taylor, GI and Green, AE",
       title = "Mechanism of the production of small eddies from large ones",
        year = "1937",
     journal = "P {R}oy {S}oc {L}ond {A} {M}at",
      volume = "158",
      number = "895",
       pages = "499--521"
}

@article{DeMuth2009,
      author = "De Muth, James E.",
       title = "Overview of biostatistics used in clinical research",
        year = "2009",
     journal = "American Journal of Health-System Pharmacy",
      volume = "66",
       pages = "70-81"
}

@book{Cohen1988,
	author = "Jacob Cohen",
	title = "Statistical Power Analysis for the Behavioral Sciences",
  year = "1988",
	publisher = "Lawrence Erlbaum Associates",
	address = "Mahwah, New Jersey",
	edition = "2nd"
}

@book{CampbellStanley1963,
	author = "Donald T. Campbell and Julian C. Stanley",
	title = "Experimental and Quasi-Experimental Designs for Research",
  year = "1963",
	publisher = "Houghton Mifflin Company"
}

@book{CookCampbell1979,
	author = "Thomas D. Cook and Donald T. Campbell",
	title = "Quasi-Experimentation: Design and Analysis Issues for Field Settings",
  year = "1979",
	publisher = "Houghton Mifflin Company"
}

@book{ShadishCookCampbell2002,
	author = "William R. Shadish and Thomas D. Cook and Donald T. Campbell",
	title = "Experimental and Quasi-Experimental Designs for Generalized Causal Inference",
  year = "2002",
	publisher = "Houghton Mifflin Company"
}

@book{SingerWillett2003,
	author = "Judith D. Singer and John B. Willett",
	title = "Applied Longitudinal Data Analysis: Modeling Change and Event Occurrence",
	year = "2003",
	publisher = "Oxford University Press",
	address = "New York, New York"
}

@article{LeppinkEtAl2016,
  author = "Jimmie Leppink and Kal Winston and Patricia O'Sullivan",
  year = "2016",
  title = "Statistical significance does not imply a real effect",
  journal = "Perspectives on Medical Education",
  volume = "5",
  pages = "122-124"
}

@article{Krass2016,
  author = "Ines Krass",
  year = "2016",
  title = "Quasi experimental designs in pharmacist intervention research",
  journal = "International Journal of Clinical Pharmacy",
  volume = "38",
  pages = "647--654"
}

@book{VanBelle2008,
  author = "Gerald van Belle",
  year = "2008",
  title = "Statistical Rules of Thumb",
  publisher = "John Wiley and Sons, Inc.",
  edition = "2nd",
  address = "Hoboken, NJ"
}

@book{Zeisel1985,
  author = "Hans Zeisel",
  year = "1985",
  title = "Say It With Figures",
  publisher = "Harper and Row Publishers",
  edition = "6th"
}

@book{Huff1993,
  author = "Darrell Huff",
  title = "How to Lie with Statistics",
  year = "1993",
  publisher = "W. W. Norton & Company",
  address = "New York, NY"
}

@book{Blalock1979,
  author = "Hubert M. Blalock",
  title = "Social Statistics",
  year = "1979",
  publisher = "McGraw-Hill, Inc.",
  edition = "2nd"
}

@article{Harris2006,
  author = "Anthony D. Harris and Jessica C. McGregor and Eli N. Perencevich and Jon P. Furuno and Jingkun Zhu and Dan E. Petrson and Joseph Finkelstein",
  title = "The Use and Interpretation of Quasi-Experimental Studies in Medical Informatics",
  journal = "Journal of the Medical Informatics Association",
  year = "2006",
  volume = "13",
  pages = "16--23"
}

@article{Johnston2019,
  author = "Karissa M. Johnston and Pardis Lakzadeh and Bonnie M. K. Donato and Shelagh M. Szabo",
  title = "Methods of sample size calculation in descriptive retrospective burden of illness studies",
  year = "2019",
  journal = "BMC Medical Research Methdology",
  volume = "19"
}

@article{Vassar2013,
  author = "Matt Vassar and Matthew Holzmann",
  title = "The retrospective chart review: important methodological considerations",
  journal = "Journal of Educational Evaluation for Health Professions",
  year = "2013",
  volume = "10"
}

@software{magnussonCohend,
    author = {Kristoffer Magnusson},
    title = {Interpreting Cohen's d Effect Size: An Interactive Visualization},
    url = {https://rpsychologist.com/cohend/},
    version = {2.5.2},
    date = {2022},
}

@article{WickhamTidy,
    author = "Hadley Wickham",
    title = "Tidy Data",
    journal = "Journal of Statistical Software",
    volume = "59",
    year = "2014",
    number = "10",
    url = "https://www.jstatsoft.org/article/view/v059i10"
}

@article{MillerEtAl2020,
    author = "Daryl Miller and Melissa Ramsey and Timothy R. L'Hommedieu and Lauren Verbosky",
    title = "Pharmacist-led transitions-of-care program reduces 30-day readmission rates for Medicare patients in a large health system",
    journal = "American Journal of Health-System Pharmacy",
    volume = "77",
    year = "2020",
    pages = "972--978"    
}

@article{Langan2018,
    author = "Sinéad M Langan, Sigrún AJ Schmidt, Kevin Wing, Vera Ehrenstein, Stuart G Nicholl, Kristian B Filion, Olaf Klungel, Irene Petersen, Henrik T Sorensen, William G Dixon, Astrid Guttmann, Katie Harron, Lars G Hemkens, David Moher, Sebastian Schneeweiss, Liam Smeeth, Miriam Sturkenboom, Erik von Elm, Shirley V Wang, Eric I Benchimol",
    title = "The reporting of studies conducted using observational routinely collected health data statement for pharmacoepidemiology (RECORD-PE)",
    journal = "BMJ",
    volume = "363",
    year = "2018",
    pages = "k3532",
    url = "http://dx.doi.org/10.1136/bmj.k3532"
}

@article{Simpson2015,
  author = "Scot Simpson",
  title = "Creating a Data Analysis Plan: What to Consider When Choosing Statistics for a Study",
  journal = "Canadian Journal of Hospital Pharmacy",
  volume = "68",
  number = "4",
  year = "2015",
  pages = "311--317"
}